<marc:collection xmlns:marc="http://www.loc.gov/MARC21/slim">
    <marc:record source="doyle.bne.national.library.xml">
        <marc:leader>01610nam a22003617b 4500</marc:leader>
        <marc:controlfield tag="001">Mimo0002269428</marc:controlfield>
        <marc:controlfield tag="003">SpMaBN</marc:controlfield>
        <marc:controlfield tag="005">20071128000000.4</marc:controlfield>
        <marc:controlfield tag="008">071019s2007    sp |          ||| ||spa  </marc:controlfield>
        <marc:datafield tag="015" ind1=" " ind2=" ">
            <marc:subfield code="a">MON0710</marc:subfield>
        </marc:datafield>
        <marc:datafield tag="016" ind1="7" ind2=" ">
            <marc:subfield code="a">bimoBNE20070709567</marc:subfield>
            <marc:subfield code="2">SpMaBN</marc:subfield>
        </marc:datafield>
        <marc:datafield tag="017" ind1=" " ind2=" ">
            <marc:subfield code="a">M 49774-2006</marc:subfield>
            <marc:subfield code="b">Oficina Depósito Legal Madrid</marc:subfield>
        </marc:datafield>
        <marc:datafield tag="020" ind1=" " ind2=" ">
            <marc:subfield code="a">978-84-9815-548-8</marc:subfield>
        </marc:datafield>
        <marc:datafield tag="035" ind1=" " ind2=" ">
            <marc:subfield code="a">(OCoLC)434509132</marc:subfield>
        </marc:datafield>
        <marc:datafield tag="040" ind1=" " ind2=" ">
            <marc:subfield code="a">SpMaBN</marc:subfield>
            <marc:subfield code="b">spa</marc:subfield>
            <marc:subfield code="c">SpMaBN</marc:subfield>
            <marc:subfield code="e">rdc</marc:subfield>
        </marc:datafield>
        <marc:datafield tag="080" ind1=" " ind2="0">
            <marc:subfield code="a">087.5:82</marc:subfield>
        </marc:datafield>
        <marc:datafield tag="100" ind1="1" ind2=" ">
            <marc:subfield code="a">Ochoa, Núria</marc:subfield>
            <marc:subfield code="1p">ochoanria</marc:subfield>
        </marc:datafield>
        <marc:datafield tag="240" ind1=" " ind2=" " auto="true">
            <marc:subfield code="a">Sherlock Holmes</marc:subfield>
            <marc:subfield code="l">spa</marc:subfield>
            <marc:subfield code="1w">ochoanria/sherlockholmes</marc:subfield>
        </marc:datafield>
        <marc:datafield tag="245" ind1="1" ind2="0">
            <marc:subfield code="a">Sherlock Holmes</marc:subfield>
            <marc:subfield code="h">[Texto impreso]</marc:subfield>
            <marc:subfield code="c">[adaptación de textos, Núria Ochoa ; ilustraciones, Cristina
                Picazo]</marc:subfield>
        </marc:datafield>
        <marc:datafield tag="260" ind1=" " ind2=" ">
            <marc:subfield code="a">Madrid</marc:subfield>
            <marc:subfield code="b">El País</marc:subfield>
            <marc:subfield code="c">[2007]</marc:subfield>
        </marc:datafield>
        <marc:datafield tag="300" ind1=" " ind2=" ">
            <marc:subfield code="a">[28] p.</marc:subfield>
            <marc:subfield code="b">il. col.</marc:subfield>
            <marc:subfield code="c">31 cm</marc:subfield>
        </marc:datafield>
        <marc:datafield tag="490" ind1="0" ind2=" ">
            <marc:subfield code="a">Mis primeros clásicos</marc:subfield>
            <marc:subfield code="v">29</marc:subfield>
        </marc:datafield>
        <marc:datafield tag="500" ind1=" " ind2=" ">
            <marc:subfield code="a">"Un tren de valores, Renfe"</marc:subfield>
        </marc:datafield>
        <marc:datafield tag="594" ind1=" " ind2=" ">
            <marc:subfield code="a">Adaptación de: The adventures of Sherlock Holmes / Arthur Conan
                Doyle</marc:subfield>
        </marc:datafield>
        <marc:datafield tag="700" ind1="1" ind2=" ">
            <marc:subfield code="a">Doyle, Arthur Conan</marc:subfield>
            <marc:subfield code="c">Sir</marc:subfield>
            <marc:subfield code="d">1859-1930</marc:subfield>
            <marc:subfield code="t">The adventures of Sherlock Holmes</marc:subfield>
            <marc:subfield code="1p">http://viaf.org/viaf/65283845</marc:subfield>
            <marc:subfield code="1w">http://viaf.org/viaf/186734487</marc:subfield>
            <marc:subfield code="4">http://rdaregistry.info/Elements/w/adaptationOfWork.en</marc:subfield>
        </marc:datafield>
        <marc:datafield tag="700" ind1="1" ind2=" ">
            <marc:subfield code="a">Picazo, Cristina</marc:subfield>
            <marc:subfield code="1p">picazocristina</marc:subfield>
            <marc:subfield code="4">ill</marc:subfield>
        </marc:datafield>
    </marc:record>
</marc:collection>